@article{Abbott2017,
  author        = {{Abbott}, B.~P. and {Abbott}, R. and {Abbott}, T.~D. and {Acernese}, F. and {Ackley}, K. and {Adams}, C. and {Adams}, T. and {Addesso}, P. and {Adhikari}, R.~X. and {Adya}, V.~B. and et al.},
  title         = {{A gravitational-wave standard siren measurement of the Hubble constant}},
  journal       = {\nat},
  keywords      = {Astrophysics - Cosmology and Nongalactic Astrophysics},
  year          = 2017,
  month         = nov,
  volume        = {551},
  number        = {7678},
  pages         = {85-88},
  doi           = {10.1038/nature24471},
  archiveprefix = {arXiv},
  eprint        = {1710.05835},
  primaryclass  = {astro-ph.CO},
  adsurl        = {https://ui.adsabs.harvard.edu/abs/2017Natur.551...85A},
  adsnote       = {Provided by the SAO/NASA Astrophysics Data System}
}

@article{arviz_2019,
  doi       = {10.21105/joss.01143},
  url       = {https://doi.org/10.21105/joss.01143},
  year      = {2019},
  publisher = {The Open Journal},
  volume    = {4},
  number    = {33},
  pages     = {1143},
  author    = {Ravin Kumar and Colin Carroll and Ari Hartikainen and Osvaldo Martin},
  title     = {ArviZ a unified library for exploratory analysis of Bayesian models in Python},
  journal   = {Journal of Open Source Software}
}

@article{Chen2020,
  author        = {{Chen}, Hsin-Yu},
  title         = {{Systematic Uncertainty of Standard Sirens from the Viewing Angle of Binary Neutron Star Inspirals}},
  journal       = {\prl},
  keywords      = {Astrophysics - High Energy Astrophysical Phenomena},
  year          = 2020,
  month         = nov,
  volume        = {125},
  number        = {20},
  eid           = {201301},
  pages         = {201301},
  doi           = {10.1103/PhysRevLett.125.201301},
  archiveprefix = {arXiv},
  eprint        = {2006.02779},
  primaryclass  = {astro-ph.HE},
  adsurl        = {https://ui.adsabs.harvard.edu/abs/2020PhRvL.125t1301C},
  adsnote       = {Provided by the SAO/NASA Astrophysics Data System}
}

@article{Hunter:2007,
  author    = {Hunter, J. D.},
  title     = {Matplotlib: A 2D graphics environment},
  journal   = {Computing in Science \& Engineering},
  volume    = {9},
  number    = {3},
  pages     = {90--95},
  abstract  = {Matplotlib is a 2D graphics package used for Python for
               application development, interactive scripting, and publication-quality
               image generation across user interfaces and operating systems.},
  publisher = {IEEE COMPUTER SOC},
  doi       = {10.1109/MCSE.2007.55},
  year      = 2007
}

@article{Luger2021,
  author        = { {Luger}, Rodrigo and {Bedell}, Megan and {Foreman-Mackey}, Daniel and {Crossfield}, Ian J.~M. and {Zhao}, Lily L. and {Hogg}, David W.},
  title         = {{Mapping stellar surfaces III: An Efficient, Scalable, and Open-Source Doppler Imaging Model}},
  journal       = {arXiv e-prints},
  keywords      = {Astrophysics - Solar and Stellar Astrophysics, Astrophysics - Earth and Planetary Astrophysics, Astrophysics - Instrumentation and Methods for Astrophysics},
  year          = 2021,
  month         = oct,
  eid           = {arXiv:2110.06271},
  pages         = {arXiv:2110.06271},
  archiveprefix = {arXiv},
  eprint        = {2110.06271},
  primaryclass  = {astro-ph.SR},
  adsurl        = {https://ui.adsabs.harvard.edu/abs/2021arXiv211006271L},
  adsnote       = {Provided by the SAO/NASA Astrophysics Data System}
}



@article{Mandel2019,
  author        = {{Mandel}, Ilya and {Farr}, Will M. and {Gair}, Jonathan R.},
  title         = {{Extracting distribution parameters from multiple uncertain observations with selection biases}},
  journal       = {\mnras},
  keywords      = {gravitational waves, methods: data analysis, stars: neutron, Physics - Data Analysis, Statistics and Probability, Astrophysics - High Energy Astrophysical Phenomena},
  year          = 2019,
  month         = jun,
  volume        = {486},
  number        = {1},
  pages         = {1086-1093},
  doi           = {10.1093/mnras/stz896},
  archiveprefix = {arXiv},
  eprint        = {1809.02063},
  primaryclass  = {physics.data-an},
  adsurl        = {https://ui.adsabs.harvard.edu/abs/2019MNRAS.486.1086M},
  adsnote       = {Provided by the SAO/NASA Astrophysics Data System}
}

 @article{salvatier2016probabilistic,
  title         = {Probabilistic programming in Python using PyMC3},
  author        = {Salvatier, John and Wiecki, Thomas V and Fonnesbeck, Christopher},
  journal       = {PeerJ Computer Science},
  volume        = {2},
  pages         = {e55},
  year          = {2016},
  publisher     = {PeerJ Inc.},
  archiveprefix = {arXiv},
  eprint        = {1507.08050}
}

@article{Waskom2021,
  doi       = {10.21105/joss.03021},
  url       = {https://doi.org/10.21105/joss.03021},
  year      = {2021},
  publisher = {The Open Journal},
  volume    = {6},
  number    = {60},
  pages     = {3021},
  author    = {Michael L. Waskom},
  title     = {seaborn: statistical data visualization},
  journal   = {Journal of Open Source Software}
}